% Encoding: UTF-8

@Proceedings{Adelstein2003,
  title        = {Sensitivity to haptic-audio asynchrony},
  year         = {2003},
  organization = {International Conference on Multimodal Interfaces},
  author       = {Adelstein, Bernard and Begault, Durand and Anderson, Mark and Wenzel, Elizabeth},
  pages        = {73-76},
  url          = {https://www.researchgate.net/publication/314819620_Sensitivity_to_haptic-audio_asynchrony},
}

@Comment{jabref-meta: databaseType:bibtex;}
